%!TEX encoding = UTF-8 Unicode
%!TEX root = ./../main.tex

@article{Angluin83,
 author = {Angluin, Dana and Smith, Carl H.},
 title = {Inductive Inference: Theory and Methods},
 journal = {ACM Computing Surveys (CSUR) Journal},
 issue_date = {November 1, 1987},
 volume = {15},
 number = {3},
 month = sep,
 year = {1983},
 pages = {237--269},
 numpages = {33},
 doi = {10.1145/356914.356918},
} 

% L*
@article{Angluin87,
 author = {Angluin, Dana},
 title = {Learning Regular Sets from Queries and Counterexamples},
 journal = {Inf. Comput.},
 issue_date = {November 1, 1987},
 volume = {75},
 number = {2},
 month = nov,
 year = {1987},
 issn = {0890-5401},
 pages = {87--106},
 numpages = {20},
 doi = {10.1016/0890-5401(87)90052-6},
 publisher = {Academic Press, Inc.},
 address = {Duluth, MN, USA},
} 

@article{Angluin90,
 author = {Angluin, Dana},
 title = {Negative results for equivalence queries},
 journal = {Machine Learning Journal},
 volume = {5},
 month = jun,
 year = {1990},
 issn = {0885--6125},
 pages = {121--150},
 numpages = {30},
 doi = {10.1007/BF00116034},
 publisher = {Academic, Kluwer},
 address = {Boston , USA},
} 

@article{Schapire93,
author ={Rivest, Ronald L. and Schapire, Robert E.},
title  = {Inference of Finite Automata Using Homing Sequences},
journal = {Information and Computation},
month =apr,
year ={1993},
volume = {103},
publisher = {Academic Press, Inc.},
doi = {10.1006/inco.1993.1021},
pages = {299--347},
issn  = {0890-5401},
}

@article{Chomsky59,
author ={Chomsky, Noam},
title  = {On Certain Formal Properties of Grammars},
journal = {Information and Computation},
month =jun,
year ={1959},
volume = {II},
publisher = {Elsevier},
doi = {10.1016/S0019-9958(59)90362-6},
pages = {137--167},
}

@article{Rob47,
author ={Robinson, M. Raphael },
title  = {Primitive recursive functions},
journal = {Bulletin of the American Mathematical Society},
year ={1947},
volume = {53},
doi = {10.1090/S0002-9904-1947-08911-4},
pages = {925--942},
}

@article{Gold67,
author ={Gold, Mark E.},
title  = {Language identification in the limit},
journal = {Information and Control},
month =may,
year ={1967},
volume = {10},
publisher = {Elsevier},
doi = {10.1016/S0019-9958(67)91165-5},
pages = {447--474},
}

@article{Gold78,
author ={Gold, Mark E.},
title  = {Complexity of automaton identification from given data},
journal = {Information and Control},
month =jun,
year ={1978},
volume = {37},
number  = {3},
publisher = {Elsevier},
doi = {10.1016/S0019-9958(78)90562-4},
pages = {302--320},
}

@article{Pao78,
author ={Pao, T. and Carr J.W.},
title  = {A solution of the syntactical induction-inference problem for regular languages},
journal = {Computer Languages},
month =jun,
year ={1978},
volume = {3},
number  = {1},
publisher = {Elsevier},
doi = {10.1016/0096-0551(78)90006-1},
pages = {53--64},
}

@article{Val84,
author ={Valiant, L.G.},
title  = {A theory of the learnable},
journal = {Information and Control},
month =nov,
year ={1984},
volume = {27},
number = {11},
publisher = {Waltz David},
doi = {10.1145/1968.1972},
pages = {1134--1142},
}

@book{Hop07,
author = {Hopcroft, J.E. and Motwani, R and Ullman, J.D.},
title  = {Introduction to Automata Theory, Languages, and Computation},
year   = {2007},
isbn   = {9780201441246},
publisher = {Pearson/Addison Wesley},
pages     = {153},
edition   ={2},
}

@book{Kearns94,
author = {Kearns, Michael J. and Vazirani, Umesh V.},
title  = {An Introduction to Computational Learning Theory},
year   = {1994},
isbn   = {0-262-11193-4},
publisher = {MIT Press},
address = {Cambridge, MA, USA},
}

@book{DeLaHiguera10,
author = {De La Higuera, Colin},
title  = {Grammatical Inference: Learning Automata and Grammars},
year   = {2010},
isbn   = {0521763169 9780521763165},
publisher = {Cambridge University Press},
address = {New York, NY, USA},
}

@book{Levelt08,
author = {Levelt, Willem J.M.},
title  = {Formal Grammars in Linguistics and Psycholinguistics},
year   = {2008},
volume = {I},
isbn   = {9789027290069},
publisher = {John Benjamins Publishing Company},
doi    = {10.1075/z.144},
}

@incollection{Stef11,
author = {Steffen, Bernhard and Howar, Falk M. and Merten, Mike},
title  = {Introduction to Active Automata Learning from a Practical Perspective},
booktitle = {Formal Methods for Eternal Networked Software Systems},
pages  = {256-259},
year   = {2011},
volume = {6659},
isbn   = {978-3-642-21455-4},
publisher = {Springer Verlag},
series = {Lecture Notes in Computer Science},
doi = {10.1007/978-3-642-21455-4_8},
editor = {Bernanrdo and Issarny},
}

@incollection{SteffenTTT14,
author = {Steffen, Bernhard and Howar, Falk M. and Isberner, Malte},
title  = {The TTT Algorithm: A Redundancy Free Approach to Active Automata Learning},
booktitle = {Runtime Verification},
doi    = {10.1007/978-3-319-11164-3},
volume = {8734},
pages  = {307--322},
year   = {2014},
isbn   = {978-3-319-11163-6},
publisher = {Springer},
series = {Lecture Notes in Computer Science},
editor = {Bonakdarpour and Smolka},
}

@incollection{Mic86a,
author = {Michalski, Ryszard Si},
title  = {Concept learning},
booktitle = {Encyclopedia of Artificial Intelligence},
volume = {I},
year   = {1986},
pages  = {185--194},
month  = jan,
editor = {Shapiro, Stuart C.},
publisher = {Wiley--Interscience Publications},
}

@incollection{Mic86b,
author = {Michalski, Ryszard Si},
title  = {Understanding the nature of learning: Issue and research direction},
booktitle = {Machine Learning, an Artificial Intelligence Approach},
volume = {II},
year   ={1986},
publisher ={Morgan Kaufmann},
editor ={Michalski, S. Ryszard  and Carbonell,G. Jaime and Mitchell,M. Tom},
isbn  = {0-934613-00-1},
}

@incollection{Sim83,
title  = {Why should machine learn?},
author = {Simon, Herbert A.},
booktitle ={Machine Learning, an Artificial Intelligence Approach},
volume = {I},
year   = {1983},
pages  = {25--37},
editor = {Mitchell and Michalski and Carbonel},
publisher = {Tioga Publishing Company},
}

@incollection{Mic93,
title  = {Inferential theory of learning: Developing fondations for multistrategy learning},
author = {Michalski, Ryszard Si},
booktitle ={Machine Learning: a Multistrategy Approach},
volume = {IV},
year   = {1993},
publisher = {Morgan Kauffman Inc.},
}

@proceedings{RBF10,
title          = {Grammatical Inference: Theoretical Results and Applications},
year           ={2010},
month          =sep,
organization   = {Proceedings of the  10th International Colloquium on Grammatical Inference, ICGI 2010},
editor         = {Sempere, Jos√© and Garcia, Pedro},
}
@inproceedings{StefCounterexample14,
author = {Steffen, Bernhard and Isberner, Malte},
title  = {An Abstract Framework for Counterexample Analysis in Active Automata Learning},
year   = {2014},
month  = sep,
pages  = {79-93},
volume = {34},
organization   = {Proceedings of the International Conference on Grammatical Inference, ICGI 2014},
editor = {Clark, A. and Kanazawa, M. and Yoshinaka, R. },
address= {Kyoto, Japan},
url    = {http://jmlr.org/proceedings/papers/v34/isberner14a.pdf},
}

@inproceedings{Cot16,
author = {Cottone,Pietro and Ortolani, Marco and Pergola,Gabriele},
title  = {Gl-learning: an optimized framework for grammatical inference},
year   = {2016},
month  = jun,
pages  = {339-346},
organization   = {CompSysTech '16 Proceedings of the 17th International Conference on Computer Systems and Technologies 2016},
doi    = {10.1145/2983468.2983502},
}

@inproceedings{Ner58,
author = {Nerode, Anil},
title  = {Linear Automaton Transformations},
year   = {1958},
month  = aug,
pages  = {541-544},
volume = {9},
organization   = {Proceedings of the American Mathematical Society},
doi    = {10.1090/S0002-9939-1958-0135681-9 },
}

@inproceedings{Abbadingo98,
author = {Lang, Kevin J. and Pearlmutter, Barak A. and Price, Rodney A.},
title  = {Results of the Abbadingo One DFA Learning Competition and a New Evidence Driven State Merging Algorithm},
year   = {1998},
month  = may,
pages  = {1-12},
organization   = {Proceedings of the  4th International Colloquium on Grammatical Inference, ICGI 1998},
publisher = {Springer-Verlag},
address= {London, UK},
url    = {http://citeseerx.ist.psu.edu/viewdoc/summary?doi=10.1.1.48.7621},
}

@INPROCEEDINGS{Oncina92,
    author = {Oncina, Jose and Garcia, Pedro},
    title = {Identifying Regular Languages In Polynomial Time},
    booktitle = {Advances in structural and Syntactic Pattern Recognition},
    volume    = {5},
    series    = {Machine Perception and artificial intelligence},
    year = {1992},
    pages = {99--108},
    publisher = {World Scientific},
    url  = {http://citeseerx.ist.psu.edu/viewdoc/summary?doi=10.1.1.20.3126},
}

@mastersthesis{Nor09,
author = {Norton, Daphne},
title  = {Algorithms for testing equivalence of finite automata, with a grading tool for JFLAP},
school = {Rochester Institute of Technology},
year   = {2009},
month  = mar,
url    = {http://scholarworks.rit.edu/theses/6939/},
pages  = {19--31},
numpages={13},
}

@phdthesis{Howar12,
author = {Howar, Falk M.},
title  = {Active learning of interface programs},
school = {Technischen Universitat Dortmund},
year   = {2012},
doi    = {2003/29486},
pages  = {9--23},
numpages={15}
}


@techreport{Hop71,
author = {Hopcroft, J.E. and Karp, R.M.},
title  = {A Linear Algorithm for Testing Equivalence of Finite Automata},
year   = {1971},
month  = dec,
institution = {Cornell Unisersity},
url    = {http://hdl.handle.net/1813/5958},
}

@mastersthesis{Abela02,
author = {Abela, John M.},
title  = {ETS Learning of Kernel Languages},
school = {University of New Brunswick},
year   = {2002},
month  = nov,
}




